<?xml version="1.0" encoding="UTF-8"?><collection xmlns="http://www.loc.gov/MARC21/slim"><record><leader>00407nam--2200133-i-4500</leader><controlfield tag="001">000016324</controlfield><controlfield tag="002">20161230</controlfield><controlfield tag="005">20161230201031</controlfield><controlfield tag="008">060222s1000------------r-----000-0-eng-d</controlfield><datafield ind1=" " ind2=" " tag="100"><subfield code="a">Berthier, Yves</subfield></datafield><datafield ind1=" " ind2=" " tag="245"><subfield code="a">Etude et realisation d un analyseur de relaxat ion electronique spin-reseau aux temperatures cryogeniques. these</subfield></datafield><datafield ind1=" " ind2=" " tag="260"><subfield code="a">Grenoble, Universite, 1966</subfield></datafield><datafield ind1=" " ind2=" " tag="490"><subfield code="a">150 P</subfield></datafield><datafield ind1=" " ind2=" " tag="852"><subfield code="a">548:536.483(043)</subfield></datafield></record></collection>